
@inproceedings{jones1999typing,
  title={Typing haskell in haskell},
  author={Jones, Mark P},
  booktitle={Haskell workshop},
  volume={7},
  year={1999}
}
